@article{Postgres,
	Author = {PostgreSQL community},
	Journal = {The PostgreSQL Global Development Group},
	Title = {PostgreSQL},
	Url = {https://www.postgresql.org/},
	Year = {1986}
}
	
@book{SyntheticDataUsefulness,
	Author = {E.L. Barse;H. Kvarnstroem;E. Jonsson},
	Title= {Synthesizing test data for fraud detection systems},
	Year = {2003},
	Publisher = {IEEE}
}
	
@misc{Synthesized_2018,
	Author = {Synthesized},
	Title = {Three Common Misconceptions about Synthetic and Anonymised Data},
	Year = {2018},
	Note = {[Online; Last accessed April 22, 2020]},
	Url = {https://blog.synthesized.io/2018/11/28/three-myths/}
}

@article{AIMultipleSyntheticData,
	Author = {AIMultiple},
	Title = {The Importance of Synthetic Data},
	Year = {2020},
	Note = {[Online; Last accessed April 22, 2020]},
	Url = {https://blog.aimultiple.com/synthetic-data/}
}

@book{WhatIsDirichletDistribution,
	Title = {Continuous Multivariate Distributions. Volume 1: Models and Applications},
	Author = {S. Kotz; N. Balakrishnan; N. L. Johnson},
	Year = {2000},
	Publisher = {New York: Wiley},
	ISBN = {978-0471183877}
}

@book{McGrawSyntheticData,
	Title = {McGraw-Hill Dictionary of Scientific and Technical Terms},
	Author = {McGraw-Hill},
	Year = {1974},
	ISBN = {978-0070452572}
}
